@inproceedings{DravesKSZ99,
  author    = {Richard Draves and
               Christopher King and
               Venkatachary Srinivasan and
               Brian Zill},
  title     = {Constructing Optimal {IP} Routing Tables},
  booktitle = {{INFOCOM}},
  year      = {1999},
  pages     = {88--97},
  timestamp = {Thu, 16 Oct 2014 12:39:26 +0200},
  biburl    = {http://dblp.uni-trier.de/rec/bib/conf/infocom/DravesKSZ99},
  bibsource = {dblp computer science bibliography, http://dblp.org},
  note = {\href{http://research.microsoft.com/pubs/69698/tr-98-59.pdf}{http://research.microsoft.com/pubs/69698/tr-98-59.pdf}}
}