@article{SNilsson99,
  added-at = {2013-12-13T00:00:00.000+0100},
  author = {Nilsson, Stefan and Karlsson, Gunnar},
  biburl = {http://www.bibsonomy.org/bibtex/2c91cd50ce0214fe4f3d85eef763f8ebb/dblp},
  ee = {http://dx.doi.org/10.1109/49.772439},
  interhash = {cf9785c2d15271400b153c83946a516f},
  intrahash = {c91cd50ce0214fe4f3d85eef763f8ebb},
  journal = {IEEE Journal on Selected Areas in Communications},
  keywords = {dblp},
  number = 6,
  pages = {1083-1092},
  timestamp = {2013-12-13T00:00:00.000+0100},
  title = {IP-address lookup using LC-tries.},
  url = {http://dblp.uni-trier.de/db/journals/jsac/jsac17.html#NilssonK99},
  volume = 17,
  year = 1999
}