@misc{slidesADRC,
  title = {{Slides das Aulas de Algoritmia e Desempenho em Redes de Computadores}},
  author = {Prof. João Luís Sobrinho}
}